@book{stix1992,
  title={{Waves in Plasmas}},
  author={Stix, T.H.},
  isbn={9780883188583},
  year={1992},
  publisher={American Institute of Physics}
}
@article{dowden_doppler-shifted_1962,
    title = {Doppler-shifted cyclotron radiation from electrons: {A} theory of very low frequency emissions from the exosphere},
    volume = {67},
    issn = {2156-2202},
    shorttitle = {Doppler-shifted cyclotron radiation from electrons},
    url = {https://onlinelibrary.wiley.com/doi/abs/10.1029/JZ067i005p01745},
    doi = {10.1029/JZ067i005p01745},
    number = {5},
    urldate = {2021-12-17},
    journal = {Journal of Geophysical Research (1896-1977)},
    author = {Dowden, R. L.},
    year = {1962},
    note = {\_eprint: https://onlinelibrary.wiley.com/doi/pdf/10.1029/JZ067i005p01745},
    pages = {1745--1750},
    file = {Snapshot:/Users/shawn/Zotero/storage/VJQUB7PK/JZ067i005p01745.html:text/html;Dowden_1962_Doppler-shifted cyclotron radiation from electrons.pdf:/Users/shawn/Nextcloud/ZotFiles/Journal of Geophysical Research (1896-1977)/1962/Dowden_1962_Doppler-shifted cyclotron radiation from electrons.pdf:application/pdf},
}
@article{zonca_nonlinear_2015,
	title = {Nonlinear dynamics of phase space zonal structures and energetic particle physics in fusion plasmas},
	volume = {17},
	issn = {1367-2630},
	url = {https://iopscience.iop.org/article/10.1088/1367-2630/17/1/013052},
	doi = {10.1088/1367-2630/17/1/013052},
	number = {1},
	urldate = {2021-12-14},
	journal = {New Journal of Physics},
	author = {Zonca, F and Chen, L and Briguglio, S and Fogaccia, G and Vlad, G and Wang, X},
	month = jan,
	year = {2015},
	pages = {013052},
	file = {Zonca et al_2015_Nonlinear dynamics of phase space zonal structures and energetic particle.pdf:files/56/Zonca et al_2015_Nonlinear dynamics of phase space zonal structures and energetic particle.pdf:application/pdf},
}

@article{zonca_nonlinear_2021,
	title = {Nonlinear dynamics and phase space transport by chorus emission},
	volume = {5},
	issn = {2367-3192},
	url = {https://link.springer.com/10.1007/s41614-021-00057-x},
	doi = {10.1007/s41614-021-00057-x},
	number = {1},
	urldate = {2021-12-14},
	journal = {Reviews of Modern Plasma Physics},
	author = {Zonca, Fulvio and Tao, Xin and Chen, Liu},
	month = dec,
	year = {2021},
	pages = {8},
	file = {Zonca et al_2021_Nonlinear dynamics and phase space transport by chorus emission.pdf:files/54/Zonca et al_2021_Nonlinear dynamics and phase space transport by chorus emission.pdf:application/pdf},
}

@article{vomvoridis_nonlinear_1980,
	title = {Nonlinear evolution of a monochromatic whistler wave in a nonuniform magnetic field},
	volume = {23},
	issn = {00319171},
	url = {https://aip.scitation.org/doi/10.1063/1.862836},
	doi = {10.1063/1.862836},
	number = {1},
	urldate = {2021-12-14},
	journal = {Physics of Fluids},
	author = {Vomvoridis, J. L. and Denavit, J.},
	year = {1980},
	pages = {174},
	file = {Vomvoridis_Denavit_1980_Nonlinear evolution of a monochromatic whistler wave in a nonuniform magnetic.pdf:files/55/Vomvoridis_Denavit_1980_Nonlinear evolution of a monochromatic whistler wave in a nonuniform magnetic.pdf:application/pdf},
}

@article{tao_theoretical_2020,
	title = {Theoretical and numerical studies of chorus waves: {A} review},
	volume = {63},
	issn = {1674-7313, 1869-1897},
	shorttitle = {Theoretical and numerical studies of chorus waves},
	url = {http://link.springer.com/10.1007/s11430-019-9384-6},
	doi = {10.1007/s11430-019-9384-6},
	number = {1},
	urldate = {2021-12-14},
	journal = {Science China Earth Sciences},
	author = {Tao, Xin and Zonca, Fulvio and Chen, Liu and Wu, Yifan},
	month = jan,
	year = {2020},
	pages = {78--92},
	file = {Tao et al_2020_Theoretical and numerical studies of chorus waves.pdf:files/53/Tao et al_2020_Theoretical and numerical studies of chorus waves.pdf:application/pdf},
}

@article{vomvoridis_test_1979,
	title = {Test particle correlation by a whistler wave in a nonuniform magnetic field},
	volume = {22},
	issn = {00319171},
	url = {https://aip.scitation.org/doi/10.1063/1.862589},
	doi = {10.1063/1.862589},
	number = {2},
	urldate = {2021-12-14},
	journal = {Physics of Fluids},
	author = {Vomvoridis, J. L. and Denavit, J.},
	year = {1979},
	pages = {367},
	file = {Vomvoridis_Denavit_1979_Test particle correlation by a whistler wave in a nonuniform magnetic field.pdf:files/60/Vomvoridis_Denavit_1979_Test particle correlation by a whistler wave in a nonuniform magnetic field.pdf:application/pdf},
}

@article{colson_trapped-particle_1986,
	title = {The trapped-particle instability in free electron laser oscillators and amplifiers},
	volume = {250},
	issn = {01689002},
	url = {https://linkinghub.elsevier.com/retrieve/pii/0168900286908788},
	doi = {10.1016/0168-9002(86)90878-8},
	number = {1-2},
	urldate = {2021-12-14},
	journal = {Nuclear Instruments and Methods in Physics Research Section A: Accelerators, Spectrometers, Detectors and Associated Equipment},
	author = {Colson, W.B.},
	month = sep,
	year = {1986},
	pages = {168--175},
}

@article{cully_observational_2011,
	title = {Observational evidence of the generation mechanism for rising-tone chorus: {CHORUS} {CHIRP} {RATES}},
	volume = {38},
	issn = {00948276},
	shorttitle = {Observational evidence of the generation mechanism for rising-tone chorus},
	url = {http://doi.wiley.com/10.1029/2010GL045793},
	doi = {10.1029/2010GL045793},
	number = {1},
	urldate = {2021-12-14},
	journal = {Geophysical Research Letters},
	author = {Cully, C. M. and Angelopoulos, V. and Auster, U. and Bonnell, J. and Le Contel, O.},
	month = jan,
	year = {2011},
	pages = {n/a--n/a},
	file = {Cully et al_2011_Observational evidence of the generation mechanism for rising-tone chorus.pdf:files/81/Cully et al_2011_Observational evidence of the generation mechanism for rising-tone chorus.pdf:application/pdf},
}

@article{angelopoulos_themis_2008,
	title = {The {THEMIS} {Mission}},
	volume = {141},
	issn = {0038-6308, 1572-9672},
	url = {http://link.springer.com/10.1007/s11214-008-9336-1},
	doi = {10.1007/s11214-008-9336-1},
	number = {1-4},
	urldate = {2021-12-14},
	journal = {Space Science Reviews},
	author = {Angelopoulos, V.},
	month = dec,
	year = {2008},
	pages = {5--34},
	file = {Angelopoulos_2008_The THEMIS Mission.pdf:files/82/Angelopoulos_2008_The THEMIS Mission.pdf:application/pdf},
}

@article{le_contel_first_2008,
	title = {First {Results} of the {THEMIS} {Search} {Coil} {Magnetometers}},
	volume = {141},
	issn = {0038-6308, 1572-9672},
	url = {http://link.springer.com/10.1007/s11214-008-9371-y},
	doi = {10.1007/s11214-008-9371-y},
	number = {1-4},
	urldate = {2021-12-14},
	journal = {Space Science Reviews},
	author = {Le Contel, O. and Roux, A. and Robert, P. and Coillot, C. and Bouabdellah, A. and de la Porte, B. and Alison, D. and Ruocco, S. and Angelopoulos, V. and Bromund, K. and Chaston, C. C. and Cully, C. and Auster, H. U. and Glassmeier, K. H. and Baumjohann, W. and Carlson, C. W. and McFadden, J. P. and Larson, D.},
	month = dec,
	year = {2008},
	pages = {509--534},
	file = {Le Contel et al_2008_First Results of the THEMIS Search Coil Magnetometers.pdf:files/80/Le Contel et al_2008_First Results of the THEMIS Search Coil Magnetometers.pdf:application/pdf},
}

@article{tao_comparison_2012,
	title = {Comparison between theory and observation of the frequency sweep rates of equatorial rising tone chorus: {CHORUS} {FREQUENCY} {SWEEP} {RATES}},
	volume = {39},
	issn = {00948276},
	shorttitle = {Comparison between theory and observation of the frequency sweep rates of equatorial rising tone chorus},
	url = {http://doi.wiley.com/10.1029/2012GL051413},
	doi = {10.1029/2012GL051413},
	number = {8},
	urldate = {2021-12-14},
	journal = {Geophysical Research Letters},
	author = {Tao, X. and Li, W. and Bortnik, J. and Thorne, R. M. and Angelopoulos, V.},
	month = apr,
	year = {2012},
	pages = {n/a--n/a},
	file = {Tao et al_2012_Comparison between theory and observation of the frequency sweep rates of.pdf:files/79/Tao et al_2012_Comparison between theory and observation of the frequency sweep rates of.pdf:application/pdf},
}

@article{chen_adiabatic_1975,
	title = {Adiabatic {Hamiltonian} of charged particle motion in a dipole field},
	volume = {80},
	issn = {01480227},
	url = {http://doi.wiley.com/10.1029/JA080i004p00690},
	doi = {10.1029/JA080i004p00690},
	number = {4},
	urldate = {2021-12-14},
	journal = {Journal of Geophysical Research},
	author = {Chen, A. J. and Stern, David P.},
	month = feb,
	year = {1975},
	pages = {690--693},
	file = {Chen_Stern_1975_Adiabatic Hamiltonian of charged particle motion in a dipole field.pdf:files/78/Chen_Stern_1975_Adiabatic Hamiltonian of charged particle motion in a dipole field.pdf:application/pdf},
}

@article{zonca_theoretical_2021,
	title = {A theoretical framework of chorus wave excitation},
	url = {http://arxiv.org/abs/2107.03151},
	urldate = {2021-12-14},
	journal = {arXiv:2107.03151 [physics]},
	author = {Zonca, F. and Tao, X. and Chen, L.},
	month = oct,
	year = {2021},
	note = {arXiv: 2107.03151},
	keywords = {Physics - Plasma Physics, Physics - Space Physics},
	file = {Zonca et al_2021_A theoretical framework of chorus wave excitation.pdf:files/77/Zonca et al_2021_A theoretical framework of chorus wave excitation.pdf:application/pdf},
}

@article{omura_theory_2008,
	title = {Theory and simulation of the generation of whistler-mode chorus},
	volume = {113},
	issn = {2156-2202},
	url = {https://onlinelibrary.wiley.com/doi/abs/10.1029/2007JA012622},
	doi = {10.1029/2007JA012622},
	number = {A4},
	urldate = {2021-12-14},
	journal = {Journal of Geophysical Research: Space Physics},
	author = {Omura, Yoshiharu and Katoh, Yuto and Summers, Danny},
	year = {2008},
	note = {\_eprint: https://onlinelibrary.wiley.com/doi/pdf/10.1029/2007JA012622},
	keywords = {radiation belt, space weather, whistler-mode chorus},
	file = {Omura et al_2008_Theory and simulation of the generation of whistler-mode chorus.pdf:files/85/Omura et al_2008_Theory and simulation of the generation of whistler-mode chorus.pdf:application/pdf},
}

@article{wu_controlling_2020,
	title = {Controlling the {Chirping} of {Chorus} {Waves} via {Magnetic} {Field} {Inhomogeneity}},
	volume = {47},
	issn = {0094-8276, 1944-8007},
	url = {https://onlinelibrary.wiley.com/doi/10.1029/2020GL087791},
	doi = {10.1029/2020GL087791},
	number = {10},
	urldate = {2021-12-14},
	journal = {Geophysical Research Letters},
	author = {Wu, Yifan and Tao, Xin and Zonca, Fulvio and Chen, Liu and Wang, Shui},
	month = may,
	year = {2020},
	file = {Wu et al_2020_Controlling the Chirping of Chorus Waves via Magnetic Field Inhomogeneity.pdf:files/112/Wu et al_2020_Controlling the Chirping of Chorus Waves via Magnetic Field Inhomogeneity.pdf:application/pdf},
}

@article{tao_numerical_2014,
	title = {A numerical study of chorus generation and the related variation of wave intensity using the {DAWN} code},
	volume = {119},
	issn = {21699380},
	url = {http://doi.wiley.com/10.1002/2014JA019820},
	doi = {10.1002/2014JA019820},
	number = {5},
	urldate = {2021-12-14},
	journal = {Journal of Geophysical Research: Space Physics},
	author = {Tao, X.},
	month = may,
	year = {2014},
	pages = {3362--3372},
	file = {Tao_2014_A numerical study of chorus generation and the related variation of wave.pdf:files/95/Tao_2014_A numerical study of chorus generation and the related variation of wave.pdf:application/pdf},
}

@article{ghaffari_statistical_2021,
	title = {Statistical {Study} of {Whistler}‐{Mode} {Waves} and {Expected} {Pitch} {Angle} {Diffusion} {Rates} {During} {Dispersionless} {Electron} {Injections}},
	volume = {48},
	issn = {0094-8276, 1944-8007},
	url = {https://onlinelibrary.wiley.com/doi/10.1029/2021GL094085},
	doi = {10.1029/2021GL094085},
	number = {17},
	urldate = {2021-12-14},
	journal = {Geophysical Research Letters},
	author = {Ghaffari, R. and Cully, C. M. and Gabrielse, C.},
	month = sep,
	year = {2021},
	file = {Ghaffari et al_2021_Statistical Study of Whistler‐Mode Waves and Expected Pitch Angle Diffusion.pdf:files/92/Ghaffari et al_2021_Statistical Study of Whistler‐Mode Waves and Expected Pitch Angle Diffusion.pdf:application/pdf},
}

@article{van_compernolle_excitation_2015,
	title = {Excitation of {Chirping} {Whistler} {Waves} in a {Laboratory} {Plasma}},
	volume = {114},
	issn = {0031-9007, 1079-7114},
	url = {https://link.aps.org/doi/10.1103/PhysRevLett.114.245002},
	doi = {10.1103/PhysRevLett.114.245002},
	number = {24},
	urldate = {2021-12-14},
	journal = {Physical Review Letters},
	author = {Van Compernolle, B. and An, X. and Bortnik, J. and Thorne, R. M. and Pribyl, P. and Gekelman, W.},
	month = jun,
	year = {2015},
	pages = {245002},
	file = {Van Compernolle et al_2015_Excitation of Chirping Whistler Waves in a Laboratory Plasma.pdf:files/113/Van Compernolle et al_2015_Excitation of Chirping Whistler Waves in a Laboratory Plasma.pdf:application/pdf},
}

@article{del-castillo-negrete_coherent_2005,
	title = {Coherent structures in the plasma wave–particle interaction},
	volume = {47},
	issn = {0741-3335, 1361-6587},
	url = {https://iopscience.iop.org/article/10.1088/0741-3335/47/5A/005},
	doi = {10.1088/0741-3335/47/5A/005},
	number = {5A},
	urldate = {2021-12-14},
	journal = {Plasma Physics and Controlled Fusion},
	author = {del-Castillo-Negrete, D},
	month = may,
	year = {2005},
	pages = {A53--A63},
	file = {del-Castillo-Negrete_2005_Coherent structures in the plasma wave–particle interaction.pdf:files/99/del-Castillo-Negrete_2005_Coherent structures in the plasma wave–particle interaction.pdf:application/pdf},
}

@article{matsumoto_cluster_1981,
	title = {Cluster and channel effect phase bunchings by whistler waves in the nonuniform geomagnetic field},
	volume = {86},
	issn = {0148-0227},
	url = {http://doi.wiley.com/10.1029/JA086iA02p00779},
	doi = {10.1029/JA086iA02p00779},
	number = {A2},
	urldate = {2021-12-14},
	journal = {Journal of Geophysical Research},
	author = {Matsumoto, Hiroshi and Omura, Yoshiharu},
	year = {1981},
	pages = {779},
	file = {Matsumoto_Omura_1981_Cluster and channel effect phase bunchings by whistler waves in the nonuniform.pdf:files/101/Matsumoto_Omura_1981_Cluster and channel effect phase bunchings by whistler waves in the nonuniform.pdf:application/pdf},
}

@article{berk_spontaneous_1997,
	title = {Spontaneous hole-clump pair creation in weakly unstable plasmas},
	volume = {234},
	issn = {0375-9601},
	url = {https://www.sciencedirect.com/science/article/pii/S0375960197005239},
	doi = {10.1016/S0375-9601(97)00523-9},
	number = {3},
	urldate = {2021-12-15},
	journal = {Physics Letters A},
	author = {Berk, H. L and Breizman, B. N and Petviashvili, N. V},
	month = sep,
	year = {1997},
	pages = {213--218},
	file = {ScienceDirect Snapshot:files/104/S0375960197005239.html:text/html;Berk et al_1997_Spontaneous hole-clump pair creation in weakly unstable plasmas.pdf:files/111/Berk et al_1997_Spontaneous hole-clump pair creation in weakly unstable plasmas.pdf:application/pdf},
}

@article{lilley_formation_2014,
	title = {Formation of {Phase} {Space} {Holes} and {Clumps}},
	volume = {112},
	issn = {0031-9007, 1079-7114},
	url = {https://link.aps.org/doi/10.1103/PhysRevLett.112.155002},
	doi = {10.1103/PhysRevLett.112.155002},
	number = {15},
	urldate = {2021-12-15},
	journal = {Physical Review Letters},
	author = {Lilley, M. K. and Nyqvist, R. M.},
	month = apr,
	year = {2014},
	pages = {155002},
	file = {Lilley_Nyqvist_2014_Formation of Phase Space Holes and Clumps.pdf:files/110/Lilley_Nyqvist_2014_Formation of Phase Space Holes and Clumps.pdf:application/pdf},
}

@article{horne_potential_1998,
	title = {Potential waves for relativistic electron scattering and stochastic acceleration during magnetic storms},
	volume = {25},
	issn = {1944-8007},
	url = {https://onlinelibrary.wiley.com/doi/abs/10.1029/98GL01002},
	doi = {10.1029/98GL01002},
	number = {15},
	urldate = {2021-12-15},
	journal = {Geophysical Research Letters},
	author = {Horne, Richard B. and Thorne, Richard M.},
	year = {1998},
	note = {\_eprint: https://onlinelibrary.wiley.com/doi/pdf/10.1029/98GL01002},
	pages = {3011--3014},
	file = {Snapshot:files/115/98GL01002.html:text/html;Horne_Thorne_1998_Potential waves for relativistic electron scattering and stochastic.pdf:files/121/Horne_Thorne_1998_Potential waves for relativistic electron scattering and stochastic.pdf:application/pdf},
}

@article{dysthe_studies_1971,
	title = {Some studies of triggered whistler emissions},
	volume = {76},
	issn = {2156-2202},
	url = {https://onlinelibrary.wiley.com/doi/abs/10.1029/JA076i028p06915},
	doi = {10.1029/JA076i028p06915},
	number = {28},
	urldate = {2021-12-15},
	journal = {Journal of Geophysical Research (1896-1977)},
	author = {Dysthe, K. B.},
	year = {1971},
	note = {\_eprint: https://onlinelibrary.wiley.com/doi/pdf/10.1029/JA076i028p06915},
	keywords = {Magnetosphere:, Whistlers},
	pages = {6915--6931},
	file = {Snapshot:files/118/JA076i028p06915.html:text/html;Dysthe_1971_Some studies of triggered whistler emissions.pdf:files/120/Dysthe_1971_Some studies of triggered whistler emissions.pdf:application/pdf},
}

@article{tao_trap-release-amplify_2021,
	title = {A “{Trap}-{Release}-{Amplify}” {Model} of {Chorus} {Waves}},
	volume = {126},
	issn = {2169-9402},
	url = {https://onlinelibrary.wiley.com/doi/abs/10.1029/2021JA029585},
	doi = {10.1029/2021JA029585},
	number = {9},
	urldate = {2021-12-15},
	journal = {Journal of Geophysical Research: Space Physics},
	author = {Tao, Xin and Zonca, Fulvio and Chen, Liu},
	year = {2021},
	note = {\_eprint: https://onlinelibrary.wiley.com/doi/pdf/10.1029/2021JA029585},
	keywords = {chorus model, frequency chirping, nonlinear trapping, TaRA},
	pages = {e2021JA029585},
	file = {Tao et al_2021_A “Trap-Release-Amplify” Model of Chorus Waves.pdf:files/125/Tao et al_2021_A “Trap-Release-Amplify” Model of Chorus Waves.pdf:application/pdf},
}

@article{helliwell_theory_1967,
	title = {A theory of discrete {VLF} emissions from the magnetosphere},
	volume = {72},
	issn = {2156-2202},
	url = {https://onlinelibrary.wiley.com/doi/abs/10.1029/JZ072i019p04773},
	doi = {10.1029/JZ072i019p04773},
	number = {19},
	urldate = {2021-12-15},
	journal = {Journal of Geophysical Research (1896-1977)},
	author = {Helliwell, R. A.},
	year = {1967},
	note = {\_eprint: https://onlinelibrary.wiley.com/doi/pdf/10.1029/JZ072i019p04773},
	pages = {4773--4790},
	file = {Snapshot:files/127/JZ072i019p04773.html:text/html;Helliwell_1967_A theory of discrete VLF emissions from the magnetosphere.pdf:files/129/Helliwell_1967_A theory of discrete VLF emissions from the magnetosphere.pdf:application/pdf},
}

@article{vomvoridis_theory_1982,
	title = {Theory and computer simulations of magnetospheric very low frequency emissions},
	volume = {87},
	issn = {2156-2202},
	url = {https://onlinelibrary.wiley.com/doi/abs/10.1029/JA087iA03p01473},
	doi = {10.1029/JA087iA03p01473},
	number = {A3},
	urldate = {2021-12-15},
	journal = {Journal of Geophysical Research: Space Physics},
	author = {Vomvoridis, J. L. and Crystal, T. L. and Denavit, J.},
	year = {1982},
	note = {\_eprint: https://onlinelibrary.wiley.com/doi/pdf/10.1029/JA087iA03p01473},
	pages = {1473--1489},
	file = {Snapshot:files/132/JA087iA03p01473.html:text/html;Vomvoridis et al_1982_Theory and computer simulations of magnetospheric very low frequency emissions.pdf:files/133/Vomvoridis et al_1982_Theory and computer simulations of magnetospheric very low frequency emissions.pdf:application/pdf},
}

@article{zhang_nonlinear_2019,
	title = {Nonlinear {Electron} {Interaction} {With} {Intense} {Chorus} {Waves}: {Statistics} of {Occurrence} {Rates}},
	volume = {46},
	issn = {1944-8007},
	shorttitle = {Nonlinear {Electron} {Interaction} {With} {Intense} {Chorus} {Waves}},
	url = {https://onlinelibrary.wiley.com/doi/abs/10.1029/2019GL083833},
	doi = {10.1029/2019GL083833},
	number = {13},
	urldate = {2021-12-15},
	journal = {Geophysical Research Letters},
	author = {Zhang, X.-J. and Mourenas, D. and Artemyev, A. V. and Angelopoulos, V. and Bortnik, J. and Thorne, R. M. and Kurth, W. S. and Kletzing, C. A. and Hospodarsky, G. B.},
	year = {2019},
	note = {\_eprint: https://onlinelibrary.wiley.com/doi/pdf/10.1029/2019GL083833},
	keywords = {chorus waves, electron acceleration, nonlinear wave particle interaction, THEMIS, Van Allen Probes, wave packet size},
	pages = {7182--7190},
	file = {Zhang et al_2019_Nonlinear Electron Interaction With Intense Chorus Waves.pdf:files/136/Zhang et al_2019_Nonlinear Electron Interaction With Intense Chorus Waves.pdf:application/pdf;Snapshot:files/137/2019GL083833.html:text/html},
}

@article{nunn_self-consistent_1974,
	title = {A self-consistent theory of triggered {VLF} emissions},
	volume = {22},
	issn = {0032-0633},
	url = {https://www.sciencedirect.com/science/article/pii/0032063374900701},
	doi = {10.1016/0032-0633(74)90070-1},
	number = {3},
	urldate = {2021-12-15},
	journal = {Planetary and Space Science},
	author = {Nunn, D.},
	month = mar,
	year = {1974},
	pages = {349--378},
	file = {Nunn_1974_A self-consistent theory of triggered VLF emissions.pdf:files/140/Nunn_1974_A self-consistent theory of triggered VLF emissions.pdf:application/pdf},
}

@article{omura_nonlinear_2021,
	title = {Nonlinear wave growth theory of whistler-mode chorus and hiss emissions in the magnetosphere},
	volume = {73},
	issn = {1880-5981},
	url = {https://earth-planets-space.springeropen.com/articles/10.1186/s40623-021-01380-w},
	doi = {10.1186/s40623-021-01380-w},
	number = {1},
	urldate = {2021-12-17},
	journal = {Earth, Planets and Space},
	author = {Omura, Yoshiharu},
	month = dec,
	year = {2021},
	pages = {95},
	file = {Omura_2021_Nonlinear wave growth theory of whistler-mode chorus and hiss emissions in the.pdf:files/148/Omura_2021_Nonlinear wave growth theory of whistler-mode chorus and hiss emissions in the.pdf:application/pdf},
}

@article{omura_triggering_2011,
	title = {Triggering process of whistler mode chorus emissions in the magnetosphere},
	volume = {116},
	issn = {2156-2202},
	url = {https://onlinelibrary.wiley.com/doi/abs/10.1029/2010JA016280},
	doi = {10.1029/2010JA016280},
	number = {A5},
	urldate = {2021-12-17},
	journal = {Journal of Geophysical Research: Space Physics},
	author = {Omura, Yoshiharu and Nunn, David},
	year = {2011},
	note = {\_eprint: https://onlinelibrary.wiley.com/doi/pdf/10.1029/2010JA016280},
	keywords = {chorus, instability, nonlinear process, simulation, wave-particle interaction, whistler},
	file = {Snapshot:files/145/2010JA016280.html:text/html;Omura_Nunn_2011_Triggering process of whistler mode chorus emissions in the magnetosphere.pdf:files/147/Omura_Nunn_2011_Triggering process of whistler mode chorus emissions in the magnetosphere.pdf:application/pdf},
}

@article{sudan_theory_1971,
	title = {Theory of triggered {VLF} emissions},
	volume = {76},
	issn = {2156-2202},
	url = {https://onlinelibrary.wiley.com/doi/abs/10.1029/JA076i019p04463},
	doi = {10.1029/JA076i019p04463},
	number = {19},
	urldate = {2021-12-17},
	journal = {Journal of Geophysical Research (1896-1977)},
	author = {Sudan, R. N. and Ott, E.},
	year = {1971},
	note = {\_eprint: https://onlinelibrary.wiley.com/doi/pdf/10.1029/JA076i019p04463},
	keywords = {Magnetosphere: Wave Propagation, Magnetosphere: Whistlers},
	pages = {4463--4476},
	file = {Snapshot:files/150/JA076i019p04463.html:text/html;Sudan_Ott_1971_Theory of triggered VLF emissions.pdf:files/152/Sudan_Ott_1971_Theory of triggered VLF emissions.pdf:application/pdf},
}

@article{horne_wave_2005,
	title = {Wave acceleration of electrons in the {Van} {Allen} radiation belts},
	volume = {437},
	issn = {0028-0836, 1476-4687},
	url = {http://www.nature.com/articles/nature03939},
	doi = {10.1038/nature03939},
	number = {7056},
	urldate = {2021-12-17},
	journal = {Nature},
	author = {Horne, Richard B. and Thorne, Richard M. and Shprits, Yuri Y. and Meredith, Nigel P. and Glauert, Sarah A. and Smith, Andy J. and Kanekal, Shrikanth G. and Baker, Daniel N. and Engebretson, Mark J. and Posch, Jennifer L. and Spasojevic, Maria and Inan, Umran S. and Pickett, Jolene S. and Decreau, Pierrette M. E.},
	month = sep,
	year = {2005},
	pages = {227--230},
	file = {Horne et al_2005_Wave acceleration of electrons in the Van Allen radiation belts.pdf:/Users/shawn/Nextcloud/ZotFiles/Nature/2005/Horne et al_2005_Wave acceleration of electrons in the Van Allen radiation belts.pdf:application/pdf},
}

@article{thorne_rapid_2013,
	title = {Rapid local acceleration of relativistic radiation-belt electrons by magnetospheric chorus},
	volume = {504},
	issn = {0028-0836, 1476-4687},
	url = {http://www.nature.com/articles/nature12889},
	doi = {10.1038/nature12889},
	number = {7480},
	urldate = {2021-12-17},
	journal = {Nature},
	author = {Thorne, R. M. and Li, W. and Ni, B. and Ma, Q. and Bortnik, J. and Chen, L. and Baker, D. N. and Spence, H. E. and Reeves, G. D. and Henderson, M. G. and Kletzing, C. A. and Kurth, W. S. and Hospodarsky, G. B. and Blake, J. B. and Fennell, J. F. and Claudepierre, S. G. and Kanekal, S. G.},
	month = dec,
	year = {2013},
	pages = {411--414},
	file = {Thorne et al_2013_Rapid local acceleration of relativistic radiation-belt electrons by.pdf:/Users/shawn/Nextcloud/ZotFiles/Nature/2013/Thorne et al_2013_Rapid local acceleration of relativistic radiation-belt electrons by.pdf:application/pdf},
}

@article{thorne_scattering_2010,
	title = {Scattering by chorus waves as the dominant cause of diffuse auroral precipitation},
	volume = {467},
	issn = {0028-0836, 1476-4687},
	url = {http://www.nature.com/articles/nature09467},
	doi = {10.1038/nature09467},
	number = {7318},
	urldate = {2021-12-17},
	journal = {Nature},
	author = {Thorne, Richard M. and Ni, Binbin and Tao, Xin and Horne, Richard B. and Meredith, Nigel P.},
	month = oct,
	year = {2010},
	pages = {943--946},
	file = {Thorne et al_2010_Scattering by chorus waves as the dominant cause of diffuse auroral.pdf:/Users/shawn/Nextcloud/ZotFiles/Nature/2010/Thorne et al_2010_Scattering by chorus waves as the dominant cause of diffuse auroral.pdf:application/pdf},
}

@article{katoh_computer_2007,
	title = {Computer simulation of chorus wave generation in the {Earth}'s inner magnetosphere},
	volume = {34},
	issn = {1944-8007},
	url = {https://onlinelibrary.wiley.com/doi/abs/10.1029/2006GL028594},
	doi = {10.1029/2006GL028594},
	number = {3},
	urldate = {2021-12-17},
	journal = {Geophysical Research Letters},
	author = {Katoh, Yuto and Omura, Yoshiharu},
	year = {2007},
	note = {\_eprint: https://onlinelibrary.wiley.com/doi/pdf/10.1029/2006GL028594},
	keywords = {particle simulation, wave particle interaction, whistler mode chorus},
	file = {Snapshot:/Users/shawn/Zotero/storage/VG7VLTWF/2006GL028594.html:text/html;Katoh_Omura_2007_Computer simulation of chorus wave generation in the Earth's inner magnetosphere.pdf:/Users/shawn/Nextcloud/ZotFiles/Geophysical Research Letters/2007/Katoh_Omura_2007_Computer simulation of chorus wave generation in the Earth's inner magnetosphere.pdf:application/pdf},
}

@article{kasahara_pulsating_2018,
	title = {Pulsating aurora from electron scattering by chorus waves},
	volume = {554},
	issn = {0028-0836, 1476-4687},
	url = {http://www.nature.com/articles/nature25505},
	doi = {10.1038/nature25505},
	number = {7692},
	urldate = {2021-12-17},
	journal = {Nature},
	author = {Kasahara, S. and Miyoshi, Y. and Yokota, S. and Mitani, T. and Kasahara, Y. and Matsuda, S. and Kumamoto, A. and Matsuoka, A. and Kazama, Y. and Frey, H. U. and Angelopoulos, V. and Kurita, S. and Keika, K. and Seki, K. and Shinohara, I.},
	month = feb,
	year = {2018},
	pages = {337--340},
	file = {Kasahara et al_2018_Pulsating aurora from electron scattering by chorus waves.pdf:/Users/shawn/Nextcloud/ZotFiles/Nature/2018/Kasahara et al_2018_Pulsating aurora from electron scattering by chorus waves.pdf:application/pdf},
}

@article{nishimura_identifying_2010,
	title = {Identifying the {Driver} of {Pulsating} {Aurora}},
	volume = {330},
	issn = {0036-8075, 1095-9203},
	url = {https://www.science.org/doi/10.1126/science.1193186},
	doi = {10.1126/science.1193186},
	number = {6000},
	urldate = {2021-12-17},
	journal = {Science},
	author = {Nishimura, Y. and Bortnik, J. and Li, W. and Thorne, R. M. and Lyons, L. R. and Angelopoulos, V. and Mende, S. B. and Bonnell, J. W. and Le Contel, O. and Cully, C. and Ergun, R. and Auster, U.},
	month = oct,
	year = {2010},
	pages = {81--84},
	file = {Nishimura et al_2010_Identifying the Driver of Pulsating Aurora.pdf:/Users/shawn/Nextcloud/ZotFiles/Science/2010/Nishimura et al_2010_Identifying the Driver of Pulsating Aurora.pdf:application/pdf},
}

@article{reeves_electron_2013,
	title = {Electron {Acceleration} in the {Heart} of the {Van} {Allen} {Radiation} {Belts}},
	volume = {341},
	issn = {0036-8075, 1095-9203},
	url = {https://www.science.org/doi/10.1126/science.1237743},
	doi = {10.1126/science.1237743},
	number = {6149},
	urldate = {2021-12-17},
	journal = {Science},
	author = {Reeves, G. D. and Spence, H. E. and Henderson, M. G. and Morley, S. K. and Friedel, R. H. W. and Funsten, H. O. and Baker, D. N. and Kanekal, S. G. and Blake, J. B. and Fennell, J. F. and Claudepierre, S. G. and Thorne, R. M. and Turner, D. L. and Kletzing, C. A. and Kurth, W. S. and Larsen, B. A. and Niehof, J. T.},
	month = aug,
	year = {2013},
	pages = {991--994},
	file = {Reeves et al_2013_Electron Acceleration in the Heart of the Van Allen Radiation Belts.pdf:/Users/shawn/Nextcloud/ZotFiles/Science/2013/Reeves et al_2013_Electron Acceleration in the Heart of the Van Allen Radiation Belts.pdf:application/pdf},
}

@article{tsurutani_postmidnight_1974,
	title = {Postmidnight chorus: {A} substorm phenomenon},
	volume = {79},
	issn = {2156-2202},
	shorttitle = {Postmidnight chorus},
	url = {https://onlinelibrary.wiley.com/doi/abs/10.1029/JA079i001p00118},
	doi = {10.1029/JA079i001p00118},
	number = {1},
	urldate = {2021-12-17},
	journal = {Journal of Geophysical Research (1896-1977)},
	author = {Tsurutani, Bruce T. and Smith, Edward J.},
	year = {1974},
	note = {\_eprint: https://onlinelibrary.wiley.com/doi/pdf/10.1029/JA079i001p00118},
	pages = {118--127},
	file = {Snapshot:/Users/shawn/Zotero/storage/2FAWSPSG/JA079i001p00118.html:text/html;Tsurutani_Smith_1974_Postmidnight chorus.pdf:/Users/shawn/Nextcloud/ZotFiles/Journal of Geophysical Research (1896-1977)/1974/Tsurutani_Smith_1974_Postmidnight chorus.pdf:application/pdf},
}

@article{burtis_magnetospheric_1976,
	title = {Magnetospheric chorus: {Occurrence} patterns and normalized frequency},
	volume = {24},
	issn = {00320633},
	shorttitle = {Magnetospheric chorus},
	url = {https://linkinghub.elsevier.com/retrieve/pii/0032063376901197},
	doi = {10.1016/0032-0633(76)90119-7},
	number = {11},
	urldate = {2021-12-17},
	journal = {Planetary and Space Science},
	author = {Burtis, W.J. and Helliwell, R.A.},
	month = nov,
	year = {1976},
	pages = {1007--1024},
	file = {Burtis_Helliwell_1976_Magnetospheric chorus.pdf:/Users/shawn/Nextcloud/ZotFiles/Planetary and Space Science/1976/Burtis_Helliwell_1976_Magnetospheric chorus.pdf:application/pdf},
}

@article{nunn_numerical_1990,
	title = {The numerical simulation of {VLF} nonlinear wave-particle interactions in collision-free plasmas using the {Vlasov} hybrid simulation technique},
	volume = {60},
	issn = {00104655},
	url = {https://linkinghub.elsevier.com/retrieve/pii/001046559090074B},
	doi = {10.1016/0010-4655(90)90074-B},
	number = {1},
	urldate = {2021-12-18},
	journal = {Computer Physics Communications},
	author = {Nunn, D.},
	month = aug,
	year = {1990},
	pages = {1--25},
	file = {Nunn_1990_The numerical simulation of VLF nonlinear wave-particle interactions in.pdf:/Users/shawn/Nextcloud/ZotFiles/Computer Physics Communications/1990/Nunn_1990_The numerical simulation of VLF nonlinear wave-particle interactions in.pdf:application/pdf},
}

@article{hikishima_full_2009,
	title = {Full particle simulation of whistler-mode rising chorus emissions in the magnetosphere},
	volume = {114},
	issn = {2156-2202},
	url = {https://onlinelibrary.wiley.com/doi/abs/10.1029/2008JA013625},
	doi = {10.1029/2008JA013625},
	number = {A1},
	urldate = {2021-12-18},
	journal = {Journal of Geophysical Research: Space Physics},
	author = {Hikishima, M. and Yagitani, S. and Omura, Y. and Nagano, I.},
	year = {2009},
	note = {\_eprint: https://onlinelibrary.wiley.com/doi/pdf/10.1029/2008JA013625},
	keywords = {chorus emission, particle simulation, wave particle interaction},
	file = {Snapshot:/Users/shawn/Zotero/storage/4ZPLHFE3/2008JA013625.html:text/html},
}
@article{brizard2007,
  title = {Foundations of Nonlinear Gyrokinetic Theory},
  author = {Brizard, A. J. and Hahm, T. S.},
  year = {2007},
  month = apr,
  journal = {Rev. Mod. Phys.},
  volume = {79},
  number = {2},
  pages = {421--468},
  issn = {0034-6861, 1539-0756},
  doi = {10.1103/RevModPhys.79.421},
  url = {https://link.aps.org/doi/10.1103/RevModPhys.79.421},
  urldate = {2022-08-03},
  keywords = {PRL}
}
@book{goldstein2001,
  title={Classical Mechanics},
  author= {Goldstein, Herbert and Poole, Charles P and Safko, John L},
  isbn={9780201657029},
  url={https://www.pearson.com/en-us/subject-catalog/p/classical-mechanics/P200000006871?view=educator},
  year={2001},
  publisher={Pearson}
}

@article{wang2018,
  title = {Frequency Chirping in the {{Alfv\'en}} Continuum},
  author = {Wang, G. and Berk, H.L. and Breizman, B.N. and Zheng, L.-J.},
  year = {2018},
  month = aug,
  journal = {Nuclear Fusion},
  volume = {58},
  number = {8},
  pages = {082014},
  issn = {0029-5515, 1741-4326},
  doi = {10.1088/1741-4326/aab502},
  url = {https://iopscience.iop.org/article/10.1088/1741-4326/aab502},
  urldate = {2022-04-05}
}

@article{chen2016,
  title = {Physics of {{Alfv\'en}} Waves and Energetic Particles in Burning Plasmas},
  author = {Chen, Liu and Zonca, Fulvio},
  year = {2016},
  journal = {Rev. Mod. Phys.},
  volume = {88},
  number = {1},
  pages = {72}
}

@article{fasoli2007,
  title = {Chapter 5: {{Physics}} of Energetic Ions},
  shorttitle = {Chapter 5},
  author = {Fasoli, A. and Gormenzano, C. and Berk, H. L. and Breizman, B. and Briguglio, S. and Darrow, D. S. and Gorelenkov, N. and Heidbrink, W. W. and Jaun, A. and Konovalov, S. V. and Nazikian, R. and Noterdaeme, J.-M. and Sharapov, S. and Shinohara, K. and Testa, D. and Tobita, K. and Todo, Y. and Vlad, G. and Zonca, F.},
  year = {2007},
  month = jun,
  journal = {Nuclear Fusion},
  volume = {47},
  number = {6},
  pages = {S264--S284},
  publisher = {{IOP Publishing}},
  issn = {0029-5515},
  doi = {10.1088/0029-5515/47/6/S05},
  url = {https://doi.org/10.1088/0029-5515/47/6/s05},
  urldate = {2022-07-02}
}
@article{chen1994a,
  title = {Theory of Magnetohydrodynamic Instabilities Excited by Energetic Particles in Tokamaks*},
  author = {Chen, Liu},
  year = {1994},
  month = may,
  journal = {Physics of Plasmas},
  volume = {1},
  number = {5},
  pages = {1519--1522},
  issn = {1070-664X, 1089-7674},
  doi = {10.1063/1.870702},
  url = {https://pubs.aip.org/aip/pop/article/1/5/1519-1522/104485},
  urldate = {2023-10-09},
  keywords = {/unread}
}

@article{fujiwara2023,
  title = {Triggering of {{Whistler}}-{{Mode Rising}} and {{Falling Tone Emissions}} in a {{Homogeneous Magnetic Field}}},
  author = {Fujiwara, Yuya and Omura, Yoshiharu and Nogi, Takeshi},
  year = {2023},
  month = feb,
  journal = {JGR Space Physics},
  volume = {128},
  number = {2},
  pages = {e2022JA030967},
  issn = {2169-9380, 2169-9402},
  doi = {10.1029/2022JA030967},
  url = {https://agupubs.onlinelibrary.wiley.com/doi/10.1029/2022JA030967},
  urldate = {2023-05-26}
}

@article{nogi2022,
  title = {Nonlinear {{Signatures}} of {{VLF}}-{{Triggered Emissions}}: {{A Simulation Study}}},
  shorttitle = {Nonlinear {{Signatures}} of {{VLF}}-{{Triggered Emissions}}},
  author = {Nogi, Takeshi and Omura, Yoshiharu},
  year = {2022},
  month = jan,
  journal = {JGR Space Physics},
  volume = {127},
  number = {1},
  pages = {e2021JA029826},
  issn = {2169-9380, 2169-9402},
  doi = {10.1029/2021JA029826},
  url = {https://agupubs.onlinelibrary.wiley.com/doi/10.1029/2021JA029826},
  urldate = {2023-09-14}
}

@article{nogi2023,
  title = {Upstream {{Shift}} of {{Generation Region}} of {{Whistler}}-{{Mode Rising}}-{{Tone Emissions}} in the {{Magnetosphere}}},
  author = {Nogi, Takeshi and Omura, Yoshiharu},
  year = {2023},
  month = mar,
  journal = {JGR Space Physics},
  volume = {128},
  number = {3},
  pages = {e2022JA031024},
  issn = {2169-9380, 2169-9402},
  doi = {10.1029/2022JA031024},
  url = {https://agupubs.onlinelibrary.wiley.com/doi/10.1029/2022JA031024},
  urldate = {2023-05-26}
}

@article{teng2023,
  title = {Whistler-Mode Chorus Waves at {{Mars}}},
  author = {Teng, Shangchun and Wu, Yifan and Harada, Yuki and Bortnik, Jacob and Zonca, Fulvio and Chen, Liu and Tao, Xin},
  year = {2023},
  month = jun,
  journal = {Nat Commun},
  volume = {14},
  number = {1},
  pages = {3142},
  issn = {2041-1723},
  doi = {10.1038/s41467-023-38776-z},
  url = {https://www.nature.com/articles/s41467-023-38776-z},
  urldate = {2023-06-07},
  keywords = {replenish}
}
@article{zhang2021,
  title = {Fine {{Structure}} of {{Chorus Wave Packets}}: {{Comparison Between Observations}} and {{Wave Generation Models}}},
  shorttitle = {Fine {{Structure}} of {{Chorus Wave Packets}}},
  author = {Zhang, X.-J. and Demekhov, A. G. and Katoh, Y. and Nunn, D. and Tao, X. and Mourenas, D. and Omura, Y. and Artemyev, A. V. and Angelopoulos, V.},
  year = {2021},
  journal = {J. Geophys. Res. Space Phys.},
  volume = {126},
  number = {8},
  pages = {e2021JA029330},
  issn = {2169-9402},
  doi = {10.1029/2021JA029330},
  url = {https://onlinelibrary.wiley.com/doi/abs/10.1029/2021JA029330},
  urldate = {2022-11-18},
  keywords = {chorus wave packets,data model comparison,frequency sweep rates,nonlinear generation models,Van Allen Probes,wave packet size}
}
@article{berk1999,
  title = {Spontaneous Hole\textendash Clump Pair Creation},
  author = {Berk, H. L. and Breizman, B. N. and Candy, J. and Pekker, M. and Petviashvili, N. V.},
  year = {1999},
  month = aug,
  journal = {Physics of Plasmas},
  volume = {6},
  number = {8},
  pages = {3102--3113},
  issn = {1070-664X, 1089-7674},
  doi = {10.1063/1.873550},
  url = {http://aip.scitation.org/doi/10.1063/1.873550},
  urldate = {2022-02-11},
  keywords = {PRL}
}
@article{hezaveh2021,
  title = {Theoretical Description of Chirping Waves Using Phase-Space Waterbags},
  author = {Hezaveh, H and Qu, Z S and Hole, M J and Dewar, R L},
  year = {2021},
  month = jun,
  journal = {Plasma Phys. Control. Fusion},
  volume = {63},
  number = {6},
  pages = {065008},
  issn = {0741-3335, 1361-6587},
  doi = {10.1088/1361-6587/abf574},
  url = {https://iopscience.iop.org/article/10.1088/1361-6587/abf574},
  urldate = {2022-04-05}
}

@article{zheng2023a,
  title = {A Hamiltonian theory for whistler chorus wave in the magnetosphere},
  author = {Jiangshan, Zheng and Ge, Wang and Bo, Li},
  year = {2023},
  month = oct,
  journal = {arXiv e-prints},
  eid = {},
  pages= {},
  eprint = {}
}
@article{zheng2023b,
  title =  {A hybrid Eulerian-Lagrangian Vlasov method for nonlinear wave-particle interaction in weakly inhomogeneous magnetic field},
  author = {Jiangshan, Zheng and Ge, Wang and Bo, Li},
  year = {2023},
  month = oct,
  journal = {arXiv e-prints},
  eid = {},
  pages= {},
  eprint = {}
}

@article{summers2012,
  title = {Nonlinear Spatiotemporal Evolution of Whistler Mode Chorus Waves in {{Earth}}'s Inner Magnetosphere: {{SPATIOTEMPORAL EVOLUTION OF CHORUS}}},
  shorttitle = {Nonlinear Spatiotemporal Evolution of Whistler Mode Chorus Waves in {{Earth}}'s Inner Magnetosphere},
  author = {Summers, Danny and Omura, Yoshiharu and Miyashita, Yu and Lee, Dong-Hun},
  year = {2012},
  month = sep,
  journal = {J. Geophys. Res.},
  volume = {117},
  number = {A9},
  pages = {n/a-n/a},
  issn = {01480227},
  doi = {10.1029/2012JA017842},
  url = {http://doi.wiley.com/10.1029/2012JA017842},
  urldate = {2022-07-29},
}
